[
{"product_title": "Berg Brazilian Style Sausages 300g", "product_image": "https://www.aldi.com.au/fileadmin/_processed_/a/4/csm_W09_SUPER_SAVERS_MEAT_1x1__2e071d5b0e.jpg", "packsize": "300g", "price": "$3.69", "price_per_unit": "$12.30 per kg"},
{"product_title": "Huon Fresh Tasmanian Ocean Trout Skin On 460g", "product_image": "https://www.aldi.com.au/fileadmin/_processed_/7/a/csm_W09_SUPER_SAVERS_MEAT_1x1_2_31cce09c38.jpg", "packsize": "460g", "price": "$11.99", "price_per_unit": "$26.07 per kg"},
{"product_title": "Ingham\u2019s Chicken and Corn Schnitzel 1kg", "product_image": "https://www.aldi.com.au/fileadmin/_processed_/f/2/csm_W09_SUPER_SAVERS_MEAT_1x1_3_e60a26ef24.jpg", "packsize": "1kg", "price": "$8.99", "price_per_unit": "$8.99 per kg"},
{"product_title": "KRC Pork Cordon Bleu 480g", "product_image": "https://www.aldi.com.au/fileadmin/_processed_/0/2/csm_W09_SUPER_SAVERS_MEAT_1x1_4_b1c3099204.jpg", "packsize": "480g", "price": "$8.99", "price_per_unit": "$18.73 per kg"},
{"product_title": "Ready, Set\u2026Cook! Beef & Cheese Meatballs 420g", "product_image": "https://www.aldi.com.au/fileadmin/_processed_/b/e/csm_W09_SUPER_SAVERS_MEAT_1x1_5_4f11e0965c.jpg", "packsize": "420g", "price": "$4.99", "price_per_unit": "$11.98 per kg"},
{"product_title": "Killarnee Lamb Rack per kg", "product_image": "https://www.aldi.com.au/fileadmin/_processed_/1/2/csm_ALN3197_FEB_SSV_1x1_228x128_3_da46821e07.jpg", "packsize": "per kg", "price": "$19.99", "price_per_unit": "$19.99 per kg"},
{"product_title": "World Kitchen Pizza 510g", "product_image": "https://www.aldi.com.au/fileadmin/_processed_/3/2/csm_ALN3197_FEB_SSV_1x1_228x128_23_a22ed05b95.jpg", "packsize": "510g", "price": "$3.99", "price_per_unit": "78c per 100g"},
{"product_title": "Berg Deli Ham Off the Bone Shaved 150g", "product_image": "https://www.aldi.com.au/fileadmin/_processed_/a/b/csm_ALN3197_FEB_SSV_1x1_228x128_6_d56289ba49.jpg", "packsize": "150g", "price": "$3.49", "price_per_unit": "$23.27 per kg"},
{"product_title": "Berg Deli Ham Off the Bone 175g", "product_image": "https://www.aldi.com.au/fileadmin/_processed_/6/c/csm_ALN3197_FEB_SSV_1x1_228x128_5_56dda2a3e8.jpg", "packsize": "175g", "price": "$3.49", "price_per_unit": "$19.94 per kg"},
{"product_title": "Berg Sliced Mild Hungarian Salami 4 x 80g", "product_image": "https://www.aldi.com.au/fileadmin/_processed_/0/6/csm_ALN3197_FEB_SSV_1x1_228x128_7_c98330d21d.jpg", "packsize": "80g", "price": "$4.99", "price_per_unit": "$15.59 per kg"},
{"product_title": "Monarc Indulge Gourmet Ice Cream 1L", "product_image": "https://www.aldi.com.au/fileadmin/_processed_/4/2/csm_ALN3197_FEB_SSV_1x1_228x128_8_ddeae8990a.jpg", "packsize": "ea", "price": "$3.99", "price_per_unit": "40c per 100ml"},
{"product_title": "Urban Eats Turkish Gozleme 300g", "product_image": "https://www.aldi.com.au/fileadmin/_processed_/0/9/csm_ALN3197_FEB_SSV_1x1_228x128_9_0e68ee0b8b.jpg", "packsize": "300g", "price": "$3.99", "price_per_unit": "$1.33 per 100g"},
{"product_title": "Market Fare Corn Cobs 1kg", "product_image": "https://www.aldi.com.au/fileadmin/_processed_/9/4/csm_ALN2853_AWARDS_FROZEN_FOOD_1x1_228x128__e655e9c06c.jpg", "packsize": null, "price": null, "price_per_unit": "see price in store*"},
{"product_title": "Urban Eats Roti Paratha 8pk/640g", "product_image": "https://www.aldi.com.au/fileadmin/_processed_/3/4/csm_ALN3197_FEB_SSV_1x1_228x128_10_ec51f8b075.jpg", "packsize": "8pk", "price": "$2.99", "price_per_unit": "47c per 100g"},
{"product_title": "Urban Eats Vegetable Gyoza 750g", "product_image": "https://www.aldi.com.au/fileadmin/_processed_/2/6/csm_ALN3197_FEB_SSV_1x1_228x128_11_b0c497a5c7.jpg", "packsize": "750g", "price": "$7.99", "price_per_unit": "$1.07 per 100g"},
{"product_title": "Urban Eats Pork Dumplings 750g", "product_image": "https://www.aldi.com.au/fileadmin/_processed_/d/1/csm_ALN3197_FEB_SSV_1x1_228x128_12_49d51c47f0.jpg", "packsize": "750g", "price": "$7.99", "price_per_unit": "$1.07 per 100g"},
{"product_title": "Asia Specialities Stir Fry Sauce 500g", "product_image": "https://www.aldi.com.au/fileadmin/_processed_/b/7/csm_ALN3197_FEB_SSV_1x1_228x128_13_b8eeb738ae.jpg", "packsize": "500g", "price": "$1.99", "price_per_unit": "40c per 100g"},
{"product_title": "Nestl\u00e9 Milo 1.25kg", "product_image": "https://www.aldi.com.au/fileadmin/_processed_/b/8/csm_ALN3197_FEB_SSV_1x1_228x128_14_a5abbfdb67.jpg", "packsize": "1.25kg", "price": "$12.49", "price_per_unit": "$1.00 per 100g"},
{"product_title": "Market Fare Corn Kernels 1kg", "product_image": "https://www.aldi.com.au/fileadmin/_processed_/a/2/csm_ALN2853_AWARDS_FROZEN_FOOD_1x1_228x128_2_b2bba5422e.jpg", "packsize": null, "price": "$2.59", "price_per_unit": "$2.59 per kg"},
{"product_title": "Market Fare Garden Peas 1kg", "product_image": "https://www.aldi.com.au/fileadmin/_processed_/4/a/csm_ALN2853_AWARDS_FROZEN_FOOD_1x1_228x128_3_591795a34d.jpg", "packsize": null, "price": "$1.99", "price_per_unit": "$1.99 per kg"},
{"product_title": "Market Fare Baby Peas 1kg", "product_image": "https://www.aldi.com.au/fileadmin/_processed_/a/5/csm_ALN2853_FROZEN_FOOD_1x1_228x128__772adc84e0.jpg", "packsize": "1kg", "price": "$2.99", "price_per_unit": "$2.99 per kg"},
{"product_title": "Market Fare Peas, Carrots & Corn 1kg", "product_image": "https://www.aldi.com.au/fileadmin/_processed_/a/b/csm_ALN2853_AWARDS_FROZEN_FOOD_1x1_228x128_4_32b4dc35ff.jpg", "packsize": null, "price": "$2.79", "price_per_unit": "$2.79 per kg"},
{"product_title": "Market Fare Green Beans 1kg", "product_image": "https://www.aldi.com.au/fileadmin/_processed_/f/0/csm_ALN2853_AWARDS_FROZEN_FOOD_1x1_228x128_5_728efad4f0.jpg", "packsize": null, "price": "$1.99", "price_per_unit": "$1.99 per kg"},
{"product_title": "Market Fare Broccoli 500g", "product_image": "https://www.aldi.com.au/fileadmin/_processed_/c/b/csm_ALN2853_AWARDS_FROZEN_FOOD_1x1_228x128_6_31d847d825.jpg", "packsize": null, "price": "$2.29", "price_per_unit": "$4.58 per kg"},
{"product_title": "Hillcrest Muesli Bars 15pk/470g", "product_image": "https://www.aldi.com.au/fileadmin/_processed_/2/0/csm_ALN3197_FEB_SSV_1x1_228x128_15_R_0189a594d4.jpg", "packsize": "15pk", "price": "$2.99", "price_per_unit": "64c per 100g"},
{"product_title": "Hillcrest Premium Muesli Bars 6pk/270g", "product_image": "https://www.aldi.com.au/fileadmin/_processed_/5/7/csm_ALN3197_FEB_SSV_1x1_228x128_16_a6697d84d7.jpg", "packsize": "6pk", "price": "$2.99", "price_per_unit": "$1.11 per 100g"},
{"product_title": "Flying Power Energy Drink 250ml", "product_image": "https://www.aldi.com.au/fileadmin/_processed_/f/2/csm_ALN3197_FEB_SSV_1x1_228x128_17_e259c85602.jpg", "packsize": "250ml", "price": "79c", "price_per_unit": "$3.16 per litre"},
{"product_title": "Blackstone Vegetable Straws 110g", "product_image": "https://www.aldi.com.au/fileadmin/_processed_/f/e/csm_ALN3197_FEB_SSV_1x1_228x128_18_461ebf7217.jpg", "packsize": "110g", "price": "$1.99", "price_per_unit": "$1.81 per 100g"},
{"product_title": "Sweet Vine Coated Sultana 6pk/180g", "product_image": "https://www.aldi.com.au/fileadmin/_processed_/3/8/csm_ALN3197_FEB_SSV_1x1_228x128_19_006a14286e.jpg", "packsize": "6pk", "price": "$2.69", "price_per_unit": "$14.94 per kg"},
{"product_title": "Dentitex Advanced Whitening Toothpaste", "product_image": "https://www.aldi.com.au/fileadmin/_processed_/9/3/csm_ALN2364-7_HEALTH_1x1_228x128__d9c1a69508.jpg", "packsize": "140g", "price": "$1.79", "price_per_unit": "$1.28 per 100g"},
{"product_title": "Market Fare Spinach 250g", "product_image": "https://www.aldi.com.au/fileadmin/_processed_/a/d/csm_ALN2853_AWARDS_FROZEN_FOOD_1x1_228x128_7_e00448fa4c.jpg", "packsize": null, "price": "89c", "price_per_unit": "$3.56 per kg"},
{"product_title": "Market Fare Zucchini Noodles 340g", "product_image": "https://www.aldi.com.au/fileadmin/_processed_/8/a/csm_ALN2853_FROZEN_FOOD_1x1_228x128_6_95b755bb96.jpg", "packsize": "340g", "price": "$3.49", "price_per_unit": "$10.26 per kg"},
{"product_title": "Market Fare Winter Vegetables 1kg", "product_image": "https://www.aldi.com.au/fileadmin/_processed_/f/a/csm_ALN2364_AWARDS_FROZEN_FOOD_1x1_228x128_10_9729780f9e.jpg", "packsize": null, "price": "$2.79", "price_per_unit": "$2.79 per kg"},
{"product_title": "Market Fare Stir Fry Vegetables 850g", "product_image": "https://www.aldi.com.au/fileadmin/_processed_/d/3/csm_ALN2853_FROZEN_FOOD_1x1_228x128_2_b87e9b8cb1.jpg", "packsize": "850g", "price": "$3.19", "price_per_unit": "$3.75 per kg"},
{"product_title": "Market Fare Cauliflower or Broccoli Bake 800g", "product_image": "https://www.aldi.com.au/fileadmin/_processed_/b/6/csm_ALN2853_AWARDS_FROZEN_FOOD_1x1_228x128_8_b9622172af.jpg", "packsize": "ea", "price": "$4.99", "price_per_unit": "$6.24 per kg"},
{"product_title": "Bakers Life Lower Carb, Higher Protein Bread 600g", "product_image": "https://www.aldi.com.au/fileadmin/_processed_/8/4/csm_ALN3197_FEB_SSV_1x1_228x128_20_47968101c3.jpg", "packsize": "600g", "price": "$4.49", "price_per_unit": "75c per 100g"},
{"product_title": "Bakers Life Lower Carb High Protein Burger Buns 2pk/140g", "product_image": "https://www.aldi.com.au/fileadmin/_processed_/0/6/csm_ALN3197_FEB_SSV_1x1_228x128_21_e28a7b2f37.jpg", "packsize": "2pk", "price": "$2.49", "price_per_unit": "$1.78 per 100g"},
{"product_title": "Kaiora Bay Marlborough Reserve Sauvignon Blanc 2020 750ml", "product_image": "https://www.aldi.com.au/fileadmin/_processed_/5/c/csm_ALN3197_FEB_SSV_1x1_228x128_22_f82dc56936.jpg", "packsize": "750ml", "price": "$8.99", "price_per_unit": null},
{"product_title": "LACURA Essentials BB Cream SPF 15 50ml", "product_image": "https://www.aldi.com.au/fileadmin/_processed_/7/d/csm_ALN1075_SKIN_CARE_UPDATE_1x1_228x128_6_2dac99110b.jpg", "packsize": null, "price": "$7.99", "price_per_unit": "$15.98 per 100ml"},
{"product_title": "Dentitex Sensitive Plus Whitening Toothpaste\u00a0", "product_image": "https://www.aldi.com.au/fileadmin/_processed_/6/2/csm_ALN2364-7_HEALTH_1x1_228x128_5_684b45adc5.jpg", "packsize": null, "price": "$4.49", "price_per_unit": "$4.08 per 100g"},
{"product_title": "Dentitex Interdental Pro Toothbrush 2pk", "product_image": "https://www.aldi.com.au/fileadmin/_processed_/b/6/csm_ALN2853_HEALTH_1x1_228x128_4_5cb4d06f7a.jpg", "packsize": "2pk", "price": "$1.99", "price_per_unit": "$1.00 per unit"},
{"product_title": "Dentitex Orbit Toothbrush 2pk", "product_image": "https://www.aldi.com.au/fileadmin/_processed_/3/a/csm_ALN2364-7_HEALTH_1x1_228x128_3_e4b1c3337d.jpg", "packsize": "2pk", "price": "$2.99", "price_per_unit": "$1.50 per unit"},
{"product_title": "Dentitex Mouthwash 1L", "product_image": "https://www.aldi.com.au/fileadmin/_processed_/7/8/csm_ALN2853_HEALTH_1x1_228x128_5_90b70c5e97.jpg", "packsize": "1L", "price": "$4.19", "price_per_unit": "42c per 100mL"},
{"product_title": "Dentitex Mouthwash 500ml", "product_image": "https://www.aldi.com.au/fileadmin/_processed_/2/1/csm_ALN3077_HEALTH_1x1_228x128_be3f781b52.jpg", "packsize": "500ml", "price": "$3.49", "price_per_unit": "70c per ml"},
{"product_title": "Essential Health Paw Paw Ointment", "product_image": "https://www.aldi.com.au/fileadmin/_processed_/9/0/csm_ALN2364-7_HEALTH_1x1_228x128_6_678cce7213.jpg", "packsize": "ea", "price": "$2.79", "price_per_unit": "$11.16 per 100g"},
{"product_title": "Green Action Eucalyptus Oil 100ml", "product_image": "https://www.aldi.com.au/fileadmin/_processed_/0/d/csm_ALN2853_HEALTH_1x1_228x128_2_52ddfb3258.jpg", "packsize": "100ml", "price": "$6.99", "price_per_unit": "$6.99 per 100ml"},
{"product_title": "The Best Margherita Pizza Ever 365g", "product_image": "https://www.aldi.com.au/fileadmin/_processed_/f/5/csm_ALN2626_MARGHERITA_PIZZA_1x1_228x128_663241c472.jpg", "packsize": null, "price": "$4.99", "price_per_unit": "$1.37 per 100g"},
{"product_title": "International Cuisine Supreme Family Pizza 500g", "product_image": "https://www.aldi.com.au/fileadmin/_processed_/7/3/csm_ALN2364_FROZEN_FOOD_1x1_228x128__218af1f32e.jpg", "packsize": null, "price": "$2.99", "price_per_unit": "59c per 100g"},
{"product_title": "International Cuisine Beef Lasagne 2kg", "product_image": "https://www.aldi.com.au/fileadmin/_processed_/9/f/csm_ALN2853_FROZEN_FOOD_1x1_228x128_9_820f46bccd.jpg", "packsize": null, "price": "$8.49", "price_per_unit": "43c per 100g"},
{"product_title": "Essential Health Adult\u2019s Gummies 60pk", "product_image": "https://www.aldi.com.au/fileadmin/_processed_/8/b/csm_ALN3197_FEB_SSV_1x1_228x128_25_6a8cfec149.jpg", "packsize": "60pk", "price": "$5.99", "price_per_unit": "$9.98 per 100 gummies"},
{"product_title": "Essential Health Children\u2019s Gummies 99.9% Sugar Free 60pk", "product_image": "https://www.aldi.com.au/fileadmin/_processed_/4/6/csm_ALN3197_FEB_SSV_1x1_228x128_26_052f1eb935.jpg", "packsize": "60pk", "price": "$5.99", "price_per_unit": "$9.98 per 100 gummies"},
{"product_title": "LACURA Essentials Purify Exfoliating Wash 150ml", "product_image": "https://www.aldi.com.au/fileadmin/_processed_/7/d/csm_ALP0614_WEB_AUDIT_2Q_LACURA_1x1_128x228__7337596be1.jpg", "packsize": null, "price": "$3.79", "price_per_unit": "$2.53 per 100ml"},
{"product_title": "LACURA Essentials Caring Cleansing Gel 150ml", "product_image": "https://www.aldi.com.au/fileadmin/_processed_/e/9/csm_ALP0614_WEB_AUDIT_2Q_LACURA_1x1_128x228_2_238ffd9714.jpg", "packsize": null, "price": "$3.79", "price_per_unit": "$2.53 per 100ml"},
{"product_title": "LACURA Essentials Fine Balance Foaming Cleansing Gel 150ml", "product_image": "https://www.aldi.com.au/fileadmin/_processed_/1/6/csm_ALP0614_WEB_AUDIT_2Q_LACURA_1x1_128x228_3_41952414db.jpg", "packsize": null, "price": "$3.79", "price_per_unit": "$2.53 per 100ml"},
{"product_title": "LACURA Essentials Fine Balance Cleansing Wipes 30pk", "product_image": "https://www.aldi.com.au/fileadmin/_processed_/8/5/csm_ALC7782_THE_BLOCK_1x1_228x128_46_14b472b3c8.jpg", "packsize": "30pk", "price": "$1.69", "price_per_unit": "6c per wipe"},
{"product_title": "LACURA Essentials Caring Cleansing Wipes 30pk", "product_image": "https://www.aldi.com.au/fileadmin/_processed_/d/8/csm_ALC7782_THE_BLOCK_1x1_228x128_47_c420f81809.jpg", "packsize": null, "price": "$1.69", "price_per_unit": "6c per wipe"},
{"product_title": "LACURA Essentials Make Up Rounds 80pk", "product_image": "https://www.aldi.com.au/fileadmin/_processed_/7/7/csm_ALN1075_SKIN_CARE_UPDATE_1x1_228x128_9_1dbf20698f.jpg", "packsize": null, "price": "$1.39", "price_per_unit": "$1.74 per 100 rounds"},
{"product_title": "Hedafen Ibuprofen 24pk", "product_image": "https://www.aldi.com.au/fileadmin/_processed_/e/e/csm_ALN2364-7_HEALTH_1x1_228x128_7_5e19cb1d8b.jpg", "packsize": "24pk", "price": "$1.49", "price_per_unit": "6c per tablet"},
{"product_title": "Hedafen Ibuprofen Liquid Capsules 20pk", "product_image": "https://www.aldi.com.au/fileadmin/_processed_/2/b/csm_ALN2364-7_HEALTH_1x1_228x128_8_d5b131d4a1.jpg", "packsize": "20pk", "price": "$2.39", "price_per_unit": "12c per capsule"},
{"product_title": "Hedanol Paracetamol Capsule Shaped Tablets 20pk", "product_image": "https://www.aldi.com.au/fileadmin/_processed_/a/5/csm_ALN2364-7_HEALTH_1x1_228x128_9_c613cd50e7.jpg", "packsize": null, "price": "69c", "price_per_unit": "3c per tablet"},
{"product_title": "Essential Health Effervescents 15pk", "product_image": "https://www.aldi.com.au/fileadmin/_processed_/c/3/csm_ALN2364-7_HEALTH_1x1_228x128_10_586cc47052.jpg", "packsize": "ea", "price": "$4.49", "price_per_unit": "30c per tablet"},
{"product_title": "Orchard & Vine Blueberries 500g", "product_image": "https://www.aldi.com.au/fileadmin/_processed_/d/8/csm_ALN2364_FROZEN_FOOD_1x1_228x128_3_97631fd247.jpg", "packsize": null, "price": "$3.69", "price_per_unit": "$7.38 per kg"},
{"product_title": "Kenny\u2019s Frozen Dessert 475ml", "product_image": "https://www.aldi.com.au/fileadmin/_processed_/8/a/csm_ALN2853_FROZEN_FOOD_1x1_228x128_8_4f548ce5ec.jpg", "packsize": "475ml", "price": "$4.99", "price_per_unit": "$1.05 per 100ml"},
{"product_title": "LACURA Essentials Cotton Tips 240pk", "product_image": "https://www.aldi.com.au/fileadmin/_processed_/6/a/csm_ALN1075_SKIN_CARE_UPDATE_1x1_228x128_10_2945f8c10b.jpg", "packsize": null, "price": "99c", "price_per_unit": "41c per 100 tips"},
{"product_title": "LACURA Essentials Women's Comfort Touch 3 Blade Disposable Razors 8pk", "product_image": "https://www.aldi.com.au/fileadmin/_processed_/5/c/csm_ALN1075_SKIN_CARE_UPDATE_1x1_228x128_11_f02b9d87a7.jpg", "packsize": null, "price": "$3.99", "price_per_unit": "50c per unit"},
{"product_title": "LACURA Skin Science Renew Expert Double Effect Eye Gel 15ml", "product_image": "https://www.aldi.com.au/fileadmin/_processed_/9/1/csm_ALN2147_Q4_SKIN-CARE_1x1_228x128_9_93889e4a72.jpg", "packsize": null, "price": "$9.99", "price_per_unit": "$66.60/100ml"},
{"product_title": "Essential Health Electrolytes 20pk", "product_image": "https://www.aldi.com.au/fileadmin/_processed_/9/3/csm_ALN2853_HEALTH_1x1_228x128__9c3f4c0792.jpg", "packsize": "20pk", "price": "$5.49", "price_per_unit": "27c per tablet"},
{"product_title": "Essential Health First Aid Strips Plastic 100pk / Fabric 50pk", "product_image": "https://www.aldi.com.au/fileadmin/_processed_/6/4/csm_ALN2364-7_HEALTH_1x1_228x128_11_a6de138e71.jpg", "packsize": "ea", "price": "$1.99", "price_per_unit": "2c-4c per strip"},
{"product_title": "Essential Health Meal Replacement Shakes", "product_image": "https://www.aldi.com.au/fileadmin/_processed_/0/e/csm_ALN2364-7_HEALTH_1x1_228x128_12_2e957e4443.jpg", "packsize": "ea", "price": "$1.99", "price_per_unit": "$3.62 per 100g"},
{"product_title": "Essential Health Protein Bar 30g", "product_image": "https://www.aldi.com.au/fileadmin/_processed_/0/3/csm_ALN2364-7_HEALTH_1x1_228x128_13_8e8f2dd529.jpg", "packsize": "ea", "price": "$1.49", "price_per_unit": "$4.97 per 100g"},
{"product_title": "Onset Chocolate Protein Bars 51g-57g", "product_image": "https://www.aldi.com.au/fileadmin/_processed_/5/4/csm_ALN2853_HEALTH_1x1_228x128_3_2bdeaaea03.jpg", "packsize": "51g-57g", "price": "$2.99", "price_per_unit": "$5.86-$5.25 per 100g"},
{"product_title": "LACURA Skin Science Renew Expert Wrinkle Smoother 15ml", "product_image": "https://www.aldi.com.au/fileadmin/_processed_/7/9/csm_ALN2147_Q4_SKIN-CARE_1x1_228x128_10_7ffbef2e32.jpg", "packsize": null, "price": "$9.99", "price_per_unit": "$66.60/100ml"},
{"product_title": "LACURA Skin Science Renew Day Cream SPF 15 50ml", "product_image": "https://www.aldi.com.au/fileadmin/_processed_/6/8/csm_ALN2147_Q4_SKIN-CARE_1x1_228x128__4a518097a6.jpg", "packsize": null, "price": "$7.99", "price_per_unit": "$15.98 per 100ml"},
{"product_title": "LACURA Skin Science Renew Night Cream 50ml", "product_image": "https://www.aldi.com.au/fileadmin/_processed_/e/6/csm_ALN2147_Q4_SKIN-CARE_1x1_228x128_4_bd338d37dd.jpg", "packsize": null, "price": "$7.99", "price_per_unit": "$15.98 per 100ml"},
{"product_title": "LACURA Skin Science Renew Serum 50ml", "product_image": "https://www.aldi.com.au/fileadmin/_processed_/9/0/csm_ALN2147_Q4_SKIN-CARE_1x1_228x128_5_e8df2a9cb8.jpg", "packsize": null, "price": "$7.99", "price_per_unit": "$15.98 per 100ml"},
{"product_title": "LACURA Skin Science Renew Expert Day Cream SPF 15 50ml \u00a0", "product_image": "https://www.aldi.com.au/fileadmin/_processed_/0/8/csm_ALN2364_AWARDS_HEALTH-AND-BEAUTY_1x1_228x128__062953c66a.jpg", "packsize": null, "price": "$10.99", "price_per_unit": "$21.98 per 100ml"},
{"product_title": "LACURA Skin Science Renew Expert Night Cream SPF 15 50ml \u00a0", "product_image": "https://www.aldi.com.au/fileadmin/_processed_/8/f/csm_ALN2364_AWARDS_HEALTH-AND-BEAUTY_1x1_228x128_2_528fdaf309.jpg", "packsize": null, "price": "$10.99", "price_per_unit": "$21.98 per 100ml"},
{"product_title": "LACURA Essentials Renew Cleansing Wipes 30pk", "product_image": "https://www.aldi.com.au/fileadmin/_processed_/f/8/csm_ALC7782_THE_BLOCK_1x1_228x128_49_b2fd8e8bc4.jpg", "packsize": null, "price": "$1.69", "price_per_unit": "6c per wipe"},
{"product_title": "LACURA Skin Science Revive Hyaluronic Gel 30ml", "product_image": "https://www.aldi.com.au/fileadmin/_processed_/3/f/csm_ALN2364_AWARDS_HEALTH-AND-BEAUTY_1x1_228x128_3_143a22473a.jpg", "packsize": null, "price": "$10.99", "price_per_unit": "$36.63 per 100ml"},
{"product_title": "LACURA Skin Science Revive Night Elixir 30ml \u00a0", "product_image": "https://www.aldi.com.au/fileadmin/_processed_/2/b/csm_ALN2364_AWARDS_HEALTH-AND-BEAUTY_1x1_228x128_4_c9cee72591.jpg", "packsize": null, "price": "$10.99", "price_per_unit": "$36.63 per 100ml"},
{"product_title": "LACURA Skin Science Revive Moisture Boost 15ml", "product_image": "https://www.aldi.com.au/fileadmin/_processed_/5/d/csm_ALN1075_SKIN_CARE_UPDATE_1x1_228x128_42_6f40505af1.jpg", "packsize": null, "price": "$10.99", "price_per_unit": "$73.27 per 100ml"},
{"product_title": "LACURA Skin Science Revitalise Expert Day Cream 50ml", "product_image": "https://www.aldi.com.au/fileadmin/_processed_/7/c/csm_ALN2147_Q4_SKIN-CARE_1x1_228x128_11R_1ab1f158f5.jpg", "packsize": null, "price": "$10.99", "price_per_unit": "$21.98 per 100ml"},
{"product_title": "LACURA Skin Science Revitalise Expert Neck & D\u00e9collet\u00e9 Serum 50ml", "product_image": "https://www.aldi.com.au/fileadmin/_processed_/2/d/csm_ALN2147_Q4_SKIN-CARE_1x1_228x128_12_2d6de1ed9e.jpg", "packsize": null, "price": "$10.99", "price_per_unit": "$21.98 per 100ml"},
{"product_title": "LACURA Skin Science Revitalise Expert Eye Cream 15ml", "product_image": "https://www.aldi.com.au/fileadmin/_processed_/8/4/csm_ALN2147_Q4_SKIN-CARE_1x1_228x128_13_ce5f78dd18.jpg", "packsize": null, "price": "$10.99", "price_per_unit": "$73.27 per 100ml"},
{"product_title": "LACURA Skin Science Revitalise Day Cream with Soy for Mature Skin 50ml", "product_image": "https://www.aldi.com.au/fileadmin/_processed_/f/d/csm_ALN2147_Q4_SKIN-CARE_1x1_228x128_6_19bbb35ab4.jpg", "packsize": null, "price": "$7.99", "price_per_unit": "$15.98 per 100ml"},
{"product_title": "LACURA Skin Science Revitalise Night Cream with Soy for Mature Skin 50ml", "product_image": "https://www.aldi.com.au/fileadmin/_processed_/8/8/csm_ALN2147_Q4_SKIN-CARE_1x1_228x128_8_e00377d4f7.jpg", "packsize": null, "price": "$7.99", "price_per_unit": "$15.98 per 100ml"},
{"product_title": "LACURA Skin Science Revitalise Multi Intensive Serum for Mature Skin 50ml", "product_image": "https://www.aldi.com.au/fileadmin/_processed_/1/e/csm_ALN2147_Q4_SKIN-CARE_1x1_228x128_7_34e3505580.jpg", "packsize": null, "price": "$7.99", "price_per_unit": "$15.98 per 100ml"},
{"product_title": "LACURA Essentials Revitalise Cleansing Wipes 30pk", "product_image": "https://www.aldi.com.au/fileadmin/_processed_/6/d/csm_ALC7782_THE_BLOCK_1x1_228x128_48_bd33cd66a1.jpg", "packsize": null, "price": "$1.69", "price_per_unit": "6c per wipe"},
{"product_title": "LACURA Naturals Revitalising Facial Foaming Cleanser 150ml \u00a0", "product_image": "https://www.aldi.com.au/fileadmin/_processed_/e/8/csm_ALN1075_SKIN_CARE_UPDATE_1x1_228x128_25_76e9bdcba0.jpg", "packsize": null, "price": "$5.99", "price_per_unit": "$3.99 per 100ml"},
{"product_title": "LACURA Naturals Pore Cleansing Clarifying Facial Scrub 150ml \u00a0", "product_image": "https://www.aldi.com.au/fileadmin/_processed_/1/b/csm_ALN1075_SKIN_CARE_UPDATE_1x1_228x128_26_20d4d20ddc.jpg", "packsize": null, "price": "$5.99", "price_per_unit": "$3.99 per 100ml"},
{"product_title": "LACURA Naturals Invigorating Exfoliating Facial Scrub 150ml \u00a0", "product_image": "https://www.aldi.com.au/fileadmin/_processed_/7/6/csm_ALN1075_SKIN_CARE_UPDATE_1x1_228x128_27_6a0455746a.jpg", "packsize": null, "price": "$5.99", "price_per_unit": "$3.99 per 100ml"},
{"product_title": "LACURA Naturals Anti-Aging Day Cream with Liquorice Extract Oil & Silk Protein 50ml", "product_image": "https://www.aldi.com.au/fileadmin/_processed_/9/5/csm_ALN1075_SKIN_CARE_UPDATE_1x1_228x128_24_785043bbbe.jpg", "packsize": null, "price": "$7.99", "price_per_unit": "$15.98 per 100ml"},
{"product_title": "LACURA Naturals Anti-Aging Night Cream with Rice Bran Oil & Silk Protein 50ml", "product_image": "https://www.aldi.com.au/fileadmin/_processed_/6/4/csm_ALN1075_SKIN_CARE_UPDATE_1x1_228x128_23_5dcf16da94.jpg", "packsize": null, "price": "$7.99", "price_per_unit": "$15.98 per 100ml"},
{"product_title": "LACURA Naturals Anti-Aging Serum with Ginger Extract & Silk Protein 30ml", "product_image": "https://www.aldi.com.au/fileadmin/_processed_/4/b/csm_ALN1075_SKIN_CARE_UPDATE_1x1_228x128_21_d392e88049.jpg", "packsize": null, "price": "$7.99", "price_per_unit": "$26.63 per 100ml"},
{"product_title": "LACURA Naturals Anti-Aging Eye Cream with Tiger Grass & Silk Protein 15ml", "product_image": "https://www.aldi.com.au/fileadmin/_processed_/8/8/csm_ALN1075_SKIN_CARE_UPDATE_1x1_228x128_22_728b0243c5.jpg", "packsize": null, "price": "$7.99", "price_per_unit": "$53.27 per 100ml"},
{"product_title": "LACURA Beauty Long Lasting Duo Lipstick", "product_image": "https://www.aldi.com.au/fileadmin/_processed_/d/b/csm_ALN1075_SKIN_CARE_UPDATE_1x1_228x128_18_4e99e30afa.jpg", "packsize": "ea", "price": "$6.99", "price_per_unit": null},
{"product_title": "LACURA Beauty Long Lasting Compact Powder 10g", "product_image": "https://www.aldi.com.au/fileadmin/_processed_/a/d/csm_ALN1075_SKIN_CARE_UPDATE_1x1_228x128_19_69f5f9923e.jpg", "packsize": null, "price": "$5.99", "price_per_unit": "$5.99 per 10g"},
{"product_title": "LACURA Beauty Long Lasting Compact Blush 4.5g", "product_image": "https://www.aldi.com.au/fileadmin/_processed_/d/2/csm_ALN1075_SKIN_CARE_UPDATE_1x1_228x128_20_3668aae7b3.jpg", "packsize": null, "price": "$5.99", "price_per_unit": "$13.31 per 10g"},
{"product_title": "LACURABeauty Foundation with Sunscreen", "product_image": "https://www.aldi.com.au/fileadmin/_processed_/6/4/csm_ALP0614_WEB_AUDIT_2Q_LACURA_1x1_128x228_7_db9bfbdea3.jpg", "packsize": null, "price": "$4.99", "price_per_unit": "$1.00 per 10ml"},
{"product_title": "LACURABeauty Face Primer 3 in 1", "product_image": "https://www.aldi.com.au/fileadmin/_processed_/3/e/csm_ALP0614_WEB_AUDIT_2Q_LACURA_1x1_128x228_6_c0b1a8d162.jpg", "packsize": null, "price": "$4.99", "price_per_unit": "$1.00 per 10ml"},
{"product_title": "LACURA\u00a0Beauty 24hr Mascara \u2013 Waterproof 11.6ml or Volume 11.9ml", "product_image": "https://www.aldi.com.au/fileadmin/_processed_/5/1/csm_ALP0614_WEB_AUDIT_2Q_LACURA_1x1_128x228_4_1e124933e1.jpg", "packsize": "ea $", "price": "$6.99", "price_per_unit": "$5.87-$6.03 per 10ml"},
{"product_title": "LACURA\u00ae Retractable Eyeliner or Eyebrow Pencil 0.3g", "product_image": "https://www.aldi.com.au/fileadmin/_processed_/c/3/csm_ALN2362_Retractable_Eyeliner_or_Eyebrow_Pencil_0.3g_1x1_228x128__d6c4e2abe1.jpg", "packsize": "0.3g", "price": "$4.99", "price_per_unit": "$166.33 per 10g"}
]